@article{Aguilra2014,
  title = {Using cell phone data to measure quality of service and passenger flows of Paris transit system},
  volume = {43},
  ISSN = {0968-090X},
  journal = {Transportation Research Part C: Emerging Technologies},
  publisher = {Elsevier BV},
  author = {Aguiléra,  Vincent and Allio,  Sylvain and Benezech,  Vincent and Combes,  Fran\c{c}ois and Milion,  Chloé},
  year = {2014},
  month = jun,
  pages = {198–211}
}

@article{zeng2024exploring,
  title={Exploring Passenger Satisfaction in Multimodal Railway Hubs: {A} Social Media-Based Analysis of Travel Behavior in {C}hina’s Major Rail Stations},
  author={Zeng, Zhongzhong and Wang, Meizhu and Gao, Xiayuanshan and Wang, Na},
  journal={Sustainability},
  volume={16},
  number={12},
  pages={4881},
  year={2024},
  publisher={MDPI}
}

@article{luo2023influential,
  title={Influential factors in customer satisfaction of transit services: {U}sing crowdsourced data to capture the heterogeneity across individuals, space and time},
  author={Luo, Shuli and He, Sylvia Y and Grant-Muller, Susan and Song, Linqi},
  journal={Transport Policy},
  volume={131},
  pages={173--183},
  year={2023},
  publisher={Elsevier}
}

@article{el2019linking,
  title={Linking social, semantic and sentiment analyses to support modeling transit customers’ satisfaction: {T}owards formal study of opinion dynamics},
  author={El-Diraby, Tamer and Shalaby, Amer and Hosseini, Moein},
  journal={Sustainable Cities and Society},
  volume={49},
  pages={101578},
  year={2019},
  publisher={Elsevier}
}

@article{alshehri2019analyzing,
  title={Analyzing social media to assess user satisfaction with transport for London’s Oyster},
  author={Alshehri, Alanawd and O’Keefe, Robert},
  journal={International Journal of Human--Computer Interaction},
  volume={35},
  number={15},
  pages={1378--1387},
  year={2019},
  publisher={Taylor \& Francis}
}

@article{collins2013novel,
  title={A novel transit rider satisfaction metric: Rider sentiments measured from online social media data},
  author={Collins, Craig and Hasan, Samiul and Ukkusuri, Satish V},
  journal={Journal of Public Transportation},
  volume={16},
  number={2},
  pages={21--45},
  year={2013},
  publisher={Elsevier}
}

@article{mendez2019using,
  title={Using {T}witter to infer user satisfaction with public transport: the case of Santiago, Chile},
  author={M{\'e}ndez, Jos{\'e} Tom{\'a}s and Lobel, Hans and Parra, Denis and Herrera, Juan Carlos},
  journal={IEEE Access},
  volume={7},
  pages={60255--60263},
  year={2019},
  publisher={IEEE}
}

@inproceedings{li2024urbangpt,
  title={Urbangpt: {S}patio-temporal large language models},
  author={Li, Zhonghang and Xia, Lianghao and Tang, Jiabin and Xu, Yong and Shi, Lei and Xia, Long and Yin, Dawei and Huang, Chao},
  booktitle={Proceedings of the 30th ACM SIGKDD Conference on Knowledge Discovery and Data Mining},
  pages={5351--5362},
  year={2024}
}

@article{zhang2024trafficgpt,
  title={Traffic{GPT}: {V}iewing, processing and interacting with traffic foundation models},
  author={Zhang, Siyao and Fu, Daocheng and Liang, Wenzhe and Zhang, Zhao and Yu, Bin and Cai, Pinlong and Yao, Baozhen},
  journal={Transport Policy},
  volume={150},
  pages={95--105},
  year={2024},
  publisher={Elsevier}
}

@article{zhang2024semantic,
  title={Semantic understanding and prompt engineering for large-scale traffic data imputation},
  author={Zhang, Kunpeng and Zhou, Feng and Wu, Lan and Xie, Na and He, Zhengbing},
  journal={Information Fusion},
  volume={102},
  pages={102038},
  year={2024},
  publisher={Elsevier}
}


######### 2 Literature Review ##############


#### 2.1 ###

@article{van2017subjective,
  title={On the subjective quality of social Interactions: {I}nfluence of neighborhood walkability, social cohesion and mobility choices},
  author={Van Den Berg, Pauline and Sharmeen, Fariya and Weijs-Perr{\'e}e, Minou},
  journal={Transportation research part A: policy and practice},
  volume={106},
  pages={309--319},
  year={2017},
  publisher={Elsevier}
}

@article{wang2019travel,
  title={Travel time use and its impact on high-speed-railway passengers' travel satisfaction in the e-society},
  author={Wang, Bo and Loo, Becky PY},
  journal={International Journal of Sustainable Transportation},
  volume={13},
  number={3},
  pages={197--209},
  year={2019},
  publisher={Taylor \& Francis}
}

@article{susilo2014exploring,
  title={Exploring key determinants of travel satisfaction for multi-modal trips by different traveler groups},
  author={Susilo, Yusak O and Cats, Oded},
  journal={Transportation Research Part A: Policy and Practice},
  volume={67},
  pages={366--380},
  year={2014},
  publisher={Elsevier}
}

@article{abenoza2019does,
  title={How does travel satisfaction sum up? {A}n exploratory analysis in decomposing the door-to-door experience for multimodal trips},
  author={Abenoza, Roberto F and Cats, Oded and Susilo, Yusak O},
  journal={Transportation},
  volume={46},
  number={5},
  pages={1615--1642},
  year={2019},
  publisher={Springer}
}

@article{abou2012happiness,
  title={Happiness and travel mode switching: {F}indings from a Swiss public transportation experiment},
  author={Abou-Zeid, Maya and Witter, Regina and Bierlaire, Michel and Kaufmann, Vincent and Ben-Akiva, Moshe},
  journal={Transport Policy},
  volume={19},
  number={1},
  pages={93--104},
  year={2012},
  publisher={Elsevier}
}

@article{abou2011effect,
  title={The effect of social comparisons on commute well-being},
  author={Abou-Zeid, Maya and Ben-Akiva, Moshe},
  journal={Transportation Research Part A: Policy and Practice},
  volume={45},
  number={4},
  pages={345--361},
  year={2011},
  publisher={Elsevier}
}

@article{cao2013association,
  title={The association between light rail transit and satisfactions with travel and life: {E}vidence from {T}win {C}ities},
  author={Cao, Jason},
  journal={Transportation},
  volume={40},
  pages={921--933},
  year={2013},
  publisher={Springer}
}

@article{de2017travel,
  title={Travel satisfaction revisited. On the pivotal role of travel satisfaction in conceptualising a travel behaviour process},
  author={De Vos, Jonas and Witlox, Frank},
  journal={Transportation research part A: policy and practice},
  volume={106},
  pages={364--373},
  year={2017},
  publisher={Elsevier}
}

@article{de2013travel,
  title={Travel and subjective well-being: {A} focus on findings, methods and future research needs},
  author={De Vos, Jonas and Schwanen, Tim and Van Acker, Veronique and Witlox, Frank},
  journal={Transport Reviews},
  volume={33},
  number={4},
  pages={421--442},
  year={2013},
  publisher={Taylor \& Francis}
}

@article{ettema2011satisfaction,
  title={Satisfaction with travel and subjective well-being: {D}evelopment and test of a measurement tool},
  author={Ettema, Dick and G{\"a}rling, Tommy and Eriksson, Lars and Friman, Margareta and Olsson, Lars E and Fujii, Satoshi},
  journal={Transportation Research Part F: Traffic Psychology and Behaviour},
  volume={14},
  number={3},
  pages={167--175},
  year={2011},
  publisher={Elsevier}
}

@article{magnini2011understanding,
  title={Understanding customer delight: An application of travel blog analysis},
  author={Magnini, Vincent P and Crotts, John C and Zehrer, Anita},
  journal={Journal of Travel Research},
  volume={50},
  number={5},
  pages={535--545},
  year={2011},
  publisher={SAGE Publications Sage CA: Los Angeles, CA}
}

@article{cheng2011evaluating,
  title={Evaluating web site service quality in public transport: Evidence from Taiwan High Speed Rail},
  author={Cheng, Yung-Hsiang},
  journal={Transportation Research Part C: Emerging Technologies},
  volume={19},
  number={6},
  pages={957--974},
  year={2011},
  publisher={Elsevier}
}

@article{Yan2019,
  title = {Integrating ridesourcing services with public transit: {A}n evaluation of traveler responses combining revealed and stated preference data},
  volume = {105},
  ISSN = {0968-090X},
  journal = {Transportation Research Part C: Emerging Technologies},
  publisher = {Elsevier BV},
  author = {Yan,  Xiang and Levine,  Jonathan and Zhao,  Xilei},
  year = {2019},
  month = aug,
  pages = {683–696}
}

#### 2.2


@article{guo2025deepseek,
  title={Deep{S}eek-{R}1: {I}ncentivizing reasoning capability in {LLM}s via reinforcement learning},
  author={Guo, Daya and Yang, Dejian and Zhang, Haowei and Song, Junxiao and Zhang, Ruoyu and Xu, Runxin and Zhu, Qihao and Ma, Shirong and Wang, Peiyi and Bi, Xiao and others},
  journal={arXiv preprint arXiv:2501.12948},
  year={2025}
}

@inproceedings{camacho2022tweetnlp,
  title={Tweet{NLP}: {C}utting-Edge Natural Language Processing for Social Media},
  author={Camacho-Collados, Jose and Rezaee, Kiamehr and Riahi, Talayeh and Ushio, Asahi and Loureiro, Daniel and Antypas, Dimosthenis and Boisson, Joanne and Anke, Luis Espinosa and Liu, Fangyu and Mart{\'\i}nez-C{\'a}mara, Eugenio},
  booktitle={Proceedings of the 2022 Conference on Empirical Methods in Natural Language Processing: System Demonstrations},
  pages={38--49},
  year={2022}
}

@article{liu2019roberta,
  title={Ro{BERT}a: {A} robustly optimized {BERT} pretraining approach},
  author={Liu, Yinhan},
  journal={arXiv preprint arXiv:1907.11692},
  volume={364},
  year={2019}
}

@inproceedings{barbieri2020tweeteval,
  title={Tweet{E}val: {U}nified Benchmark and Comparative Evaluation for {T}weet Classification},
  author={Barbieri, Francesco and Camacho-Collados, Jose and Anke, Luis Espinosa and Neves, Leonardo},
  booktitle={Findings of the Association for Computational Linguistics: EMNLP 2020},
  pages={1644--1650},
  year={2020}
}

@inproceedings{joulin2017bag,
  title={Bag of Tricks for Efficient Text Classification},
  author={Joulin, Armand and Grave, {\'E}douard and Bojanowski, Piotr and Mikolov, Tom{\'a}{\v{s}}},
  booktitle={Proceedings of the 15th Conference of the European Chapter of the Association for Computational Linguistics: Volume 2, Short Papers},
  pages={427--431},
  year={2017}
}

@inproceedings{nguyen2020bertweet,
  title={{BERT}weet: {A} pre-trained language model for English {T}weets},
  author={Nguyen, Dat Quoc and Vu, Thanh and Nguyen, Anh-Tuan},
  booktitle={Proceedings of the 2020 Conference on Empirical Methods in Natural Language Processing: System Demonstrations},
  pages={9--14},
  year={2020}
}

@article{mahadevaswamy2023sentiment,
  title={Sentiment analysis using bidirectional {LSTM} network},
  author={Mahadevaswamy, UB and Swathi, P},
  journal={Procedia Computer Science},
  volume={218},
  pages={45--56},
  year={2023},
  publisher={Elsevier}
}

@inproceedings{li2024urbangpt,
  title={Urbangpt: {S}patio-temporal large language models},
  author={Li, Zhonghang and Xia, Lianghao and Tang, Jiabin and Xu, Yong and Shi, Lei and Xia, Long and Yin, Dawei and Huang, Chao},
  booktitle={Proceedings of the 30th ACM SIGKDD Conference on Knowledge Discovery and Data Mining},
  pages={5351--5362},
  year={2024}
}

@article{zhang2024trafficgpt,
  title={Traffic{GPT}: {V}iewing, processing and interacting with traffic foundation models},
  author={Zhang, Siyao and Fu, Daocheng and Liang, Wenzhe and Zhang, Zhao and Yu, Bin and Cai, Pinlong and Yao, Baozhen},
  journal={Transport Policy},
  volume={150},
  pages={95--105},
  year={2024},
  publisher={Elsevier}
}

@article{zhang2024semantic,
  title={Semantic understanding and prompt engineering for large-scale traffic data imputation},
  author={Zhang, Kunpeng and Zhou, Feng and Wu, Lan and Xie, Na and He, Zhengbing},
  journal={Information Fusion},
  volume={102},
  pages={102038},
  year={2024},
  publisher={Elsevier}
}

@article{Li2025,
  title = {Traj{PT}: {A} trajectory data-based pre-trained transformer model for learning multi-vehicle interactions},
  volume = {171},
  ISSN = {0968-090X},
  journal = {Transportation Research Part C: Emerging Technologies},
  publisher = {Elsevier BV},
  author = {Li,  Yongwei and Jiang,  Yongzhi and Wu,  Xinkai},
  year = {2025},
  month = feb,
  pages = {105013}
}




#### supplement ######

@article{khan2016sentimi,
  title={Senti{MI}: {I}ntroducing point-wise mutual information with {S}enti{W}ord{N}et to improve sentiment polarity detection},
  author={Khan, Farhan Hassan and Qamar, Usman and Bashir, Saba},
  journal={Applied Soft Computing},
  volume={39},
  pages={140--153},
  year={2016},
  publisher={Elsevier}
}

@article{qaiser2018text,
  title={Text mining: Use of {TF-IDF} to examine the relevance of words to documents},
  author={Qaiser, Shahzad and Ali, Ramsha},
  journal={International Journal of Computer Applications},
  volume={181},
  number={1},
  pages={25--29},
  year={2018}
}


@article{lei2020inferring,
  title={Inferring temporal motifs for travel pattern analysis using large scale smart card data},
  author={Lei, Da and Chen, Xuewu and Cheng, Long and Zhang, Lin and Ukkusuri, Satish V and Witlox, Frank},
  journal={Transportation Research Part C: Emerging Technologies},
  volume={120},
  pages={102810},
  year={2020},
  publisher={Elsevier}
}


@article{cheng2025arrival,
  title={Arrival information-guided spatiotemporal prediction of transportation hub passenger distribution},
  author={Cheng, Long and Cai, Xinmei and Lei, Da and He, Shulin and Yang, Min},
  journal={Transportation Research Part E: Logistics and Transportation Review},
  volume={195},
  pages={104011},
  year={2025},
  publisher={Elsevier}
}

@inproceedings{cadorel2021geospatial,
  title={Geospatial knowledge in housing advertisements: {C}apturing and extracting spatial information from text},
  author={Cadorel, Lucie and Blanchi, Alicia and Tettamanzi, Andrea GB},
  booktitle={Proceedings of the 11th Knowledge Capture Conference},
  pages={41--48},
  year={2021}
}



@article{cheng2024recent,
  title={Recent advances in deep learning for traffic probabilistic prediction},
  author={Cheng, Long and Lei, Da and Tao, Sui},
  journal={Transport Reviews},
  volume={44},
  number={6},
  pages={1129--1135},
  year={2024},
  publisher={Taylor \& Francis}
}


@article{lei2025deep,
  title={A deep multimodal network for multi-task trajectory prediction},
  author={Lei, Da and Xu, Min and Wang, Shuaian},
  journal={Information Fusion},
  volume={113},
  pages={102597},
  year={2025},
  publisher={Elsevier}
}

@article{abenoza2017travel,
  title={Travel satisfaction with public transport: Determinants, user classes, regional disparities and their evolution},
  author={Abenoza, Roberto F and Cats, Oded and Susilo, Yusak O},
  journal={Transportation Research Part A: Policy and Practice},
  volume={95},
  pages={64--84},
  year={2017},
  publisher={Elsevier}
}

@article{yao2023llm,
  title={{LLM} lies: {H}allucinations are not bugs, but features as adversarial examples},
  author={Yao, Jia-Yu and Ning, Kun-Peng and Liu, Zhen-Hui and Ning, Mu-Nan and Liu, Yu-Yang and Yuan, Li},
  journal={arXiv preprint arXiv:2310.01469},
  year={2023}
}

###

@article{nikolaidou2018utilizing,
  title={Utilizing social media in transport planning and public transit quality: {S}urvey of literature},
  author={Nikolaidou, Anastasia and Papaioannou, Panagiotis},
  journal={Journal of Transportation Engineering, Part A: Systems},
  volume={144},
  number={4},
  pages={04018007},
  year={2018},
  publisher={American Society of Civil Engineers}
}

@article{cui2021inferring,
  title={Inferring twitters’ socio-demographics to correct sampling bias of social media data for augmenting travel behavior analysis},
  author={Cui, Yu and He, Qing},
  journal={Journal of big data analytics in transportation},
  volume={3},
  pages={159--174},
  year={2021},
  publisher={Springer}
}


@article{yang2023human,
  title={Human-in-the-loop machine translation with large language model},
  author={Yang, Xinyi and Zhan, Runzhe and Wong, Derek F and Wu, Junchao and Chao, Lidia S},
  journal={arXiv preprint arXiv:2310.08908},
  year={2023}
}

@article{gultekin2017nonlinear,
  title={Nonlinear Kalman filtering with divergence minimization},
  author={Gultekin, San and Paisley, John},
  journal={IEEE Transactions on Signal Processing},
  volume={65},
  number={23},
  pages={6319--6331},
  year={2017},
  publisher={IEEE}
}

@article{huang2019novel,
  title={A novel Kullback--Leibler divergence minimization-based adaptive student's t-filter},
  author={Huang, Yulong and Zhang, Yonggang and Chambers, Jonathon A},
  journal={IEEE Transactions on signal Processing},
  volume={67},
  number={20},
  pages={5417--5432},
  year={2019},
  publisher={IEEE}
}

@article{liu2024network,
  title={Network-wide speed--flow estimation considering uncertain traffic conditions and sparse multi-type detectors: A KL divergence-based optimization approach},
  author={Liu, Shao-Jie and Lam, William HK and Tam, Mei Lam and Fu, Hao and Ho, HW and Ma, Wei},
  journal={Transportation Research Part C: Emerging Technologies},
  volume={169},
  pages={104858},
  year={2024},
  publisher={Elsevier}
}

@article{he2017impact,
  title={The impact of attitudes and perceptions on travel mode choice and car ownership in a Chinese megacity: The case of Guangzhou},
  author={He, Sylvia Y and Th{\o}gersen, John},
  journal={Research in transportation economics},
  volume={62},
  pages={57--67},
  year={2017},
  publisher={Elsevier}
}